@ONLINE{lotr,
title = "Lord of the rings IMDB",
link = "http://imdb.com/lotr"
}

@ONLINE{trebuchet,
title="Trebuchet, wiki",
link = "http://en.wikipedia.org/wiki/Trebuchet"
}
@ONLINE{odurl,
title="Online Design for Project",
link = "http://www.cse.iitb.ac.in/~dheerendra/cs296-lab01-sub.html"
}

